<record><leader>00000cas a2200000 i 4500</leader><controlfield tag="001">844953160</controlfield><controlfield tag="006">m     o  d        </controlfield><controlfield tag="007">cr |||||||||||</controlfield><controlfield tag="008">130529d18921894ksuwr neo     0   a0eng  </controlfield><datafield ind1=" " ind2=" " tag="010"><subfield code="a">  2013218783</subfield></datafield><datafield ind1=" " ind2=" " tag="040"><subfield code="a">DLC</subfield><subfield code="b">eng</subfield><subfield code="e">rda</subfield><subfield code="c">DLC</subfield><subfield code="d">DLC</subfield><subfield code="d">OCLCF</subfield></datafield><datafield ind1="0" ind2=" " tag="022"><subfield code="a">2329-2482</subfield><subfield code="2">1</subfield></datafield><datafield ind1="1" ind2=" " tag="029"><subfield code="a">NZ1</subfield><subfield code="b">15123721</subfield></datafield><datafield ind1=" " ind2=" " tag="042"><subfield code="a">pcc</subfield><subfield code="a">nsdp</subfield></datafield><datafield ind1=" " ind2=" " tag="043"><subfield code="a">n-us-ks</subfield></datafield><datafield ind1="1" ind2="0" tag="050"><subfield code="a">ISSN RECORD</subfield></datafield><datafield ind1="0" ind2="0" tag="082"><subfield code="a">071</subfield><subfield code="2">23</subfield></datafield><datafield ind1="0" ind2=" " tag="130"><subfield code="a">Advocate and Topeka tribune (Online)</subfield></datafield><datafield ind1=" " ind2="4" tag="222"><subfield code="a">The advocate and Topeka tribune</subfield><subfield code="b">(Online)</subfield></datafield><datafield ind1="0" ind2="4" tag="245"><subfield code="a">The advocate and Topeka tribune.</subfield></datafield><datafield ind1="1" ind2="7" tag="246"><subfield code="a">Advocate</subfield></datafield><datafield ind1=" " ind2="1" tag="264"><subfield code="a">Topeka, Kansas :</subfield><subfield code="b">The Advocate Publishing Co.,</subfield><subfield code="c">1892-1894.</subfield></datafield><datafield ind1=" " ind2=" " tag="310"><subfield code="a">Weekly</subfield></datafield><datafield ind1=" " ind2=" " tag="336"><subfield code="a">text</subfield><subfield code="2">rdacontent</subfield></datafield><datafield ind1=" " ind2=" " tag="337"><subfield code="a">computer</subfield><subfield code="2">rdamedia</subfield></datafield><datafield ind1=" " ind2=" " tag="338"><subfield code="a">online resource</subfield><subfield code="2">rdacarrier</subfield></datafield><datafield ind1="1" ind2=" " tag="362"><subfield code="a">Began with vol. III, no. 49 (July 27, 1892); ceased with vol. VI, no. 2 (January 10, 1894).</subfield></datafield><datafield ind1=" " ind2=" " tag="500"><subfield code="a">"Official paper of the state of Kansas," Apr. 5, 1893-Jan. 10, 1894.</subfield></datafield><datafield ind1=" " ind2=" " tag="530"><subfield code="a">Also issued on microfilm from Kansas State Historical Society.</subfield></datafield><datafield ind1=" " ind2=" " tag="550"><subfield code="a">"Official paper of the People's Party of Kansas," July 27, 1892-Mar. 29, 1893.</subfield></datafield><datafield ind1=" " ind2=" " tag="588"><subfield code="a">Description based on print version record.</subfield></datafield><datafield ind1=" " ind2=" " tag="588"><subfield code="a">Latest issue consulted: Vol. VI, no. 2 (January 10, 1894) (Chroniclingamerica.loc.gov, viewed May 29, 2013).</subfield></datafield><datafield ind1=" " ind2="0" tag="651"><subfield code="a">Topeka (Kan.)</subfield><subfield code="v">Newspapers.</subfield></datafield><datafield ind1=" " ind2="7" tag="655"><subfield code="a">Newspapers.</subfield><subfield code="2">fast</subfield><subfield code="0">(OCoLC)fst01423814</subfield></datafield><datafield ind1=" " ind2="7" tag="651"><subfield code="a">Kansas</subfield><subfield code="z">Topeka.</subfield><subfield code="2">fast</subfield><subfield code="0">(OCoLC)fst01207212</subfield></datafield><datafield ind1="2" ind2=" " tag="710"><subfield code="a">People's Party of Kansas.</subfield></datafield><datafield ind1=" " ind2=" " tag="752"><subfield code="a">United States</subfield><subfield code="b">Kansas</subfield><subfield code="c">Shawnee</subfield><subfield code="d">Topeka.</subfield></datafield><datafield ind1="0" ind2="8" tag="776"><subfield code="i">Originally issued in print:</subfield><subfield code="t">Advocate and Topeka tribune</subfield><subfield code="x">2329-2474</subfield><subfield code="w">(DLC)sn 85031982</subfield><subfield code="w">(OCoLC)12759375</subfield></datafield><datafield ind1="0" ind2="4" tag="780"><subfield code="t">Advocate (Meriden, Kan. : Online)</subfield><subfield code="x">2329-2466</subfield><subfield code="w">(DLC)  2013218782</subfield><subfield code="w">(OCoLC)844952159</subfield></datafield><datafield ind1="0" ind2="4" tag="780"><subfield code="t">Topeka tribune (Topeka, Kan. : 1892 : Online)</subfield></datafield><datafield ind1="0" ind2="0" tag="785"><subfield code="t">Advocate (Topeka, Kan. : 1894 : Online)</subfield><subfield code="x">2329-2539</subfield><subfield code="w">(DLC)  2013218784</subfield><subfield code="w">(OCoLC)844958555</subfield></datafield><datafield ind1="4" ind2="0" tag="856"><subfield code="u">http://chroniclingamerica.loc.gov/lccn/sn85031982/issues</subfield></datafield></record>